2689 4145
884 321 1229 348 EXPLICATIO
1268 319 1498 346 TAB.VI11.
1540 320 1643 345 FIG.
1681 305 1740 346 18.
2330 316 2379 359 19

402 419 554 462 15—17.
588 415 681 451 Vide
703 416 738 450 in
760 414 883 449 dextro
905 413 1022 447 latere.

400 488 453 521 18.
481 485 585 520 Radii
604 483 769 520 faciecula
792 480 1003 524 articularis,
1030 480 1075 516 ad
1097 494 1136 516 os
1157 481 1253 529 carpi
1275 494 1444 529 magnum
1464 479 1609 515 secundi
1630 479 1728 514 strati
1749 479 1887 515 faciens.

402 569 454 601 19.
484 554 557 588 Ubi
582 551 714 593 radius,
741 548 879 583 articuli
903 561 986 596 ope,
1015 536 1165 585 ossiculo
1189 551 1285 598 carpi
1306 550 1413 598 primi
1434 549 1531 583 strati
1555 549 1714 584 nectitur.

298 626 340 659 R.
357 636 412 658 22.
428 625 484 657 25.
499 623 554 656 28.
585 619 686 653 Ulna.

403 704 457 726 22.
486 689 575 731 Ubi,
601 687 739 721 lunatae
763 687 862 722 faciei
886 687 1081 722 articularis
1105 688 1252 733 auxilio,
1281 685 1474 737 condylum
1497 685 1633 722 brachii
1654 695 1839 721 externum
1863 688 2077 737 aggreditur.

403 760 458 793 25.
485 757 691 792 Extremum
712 755 858 790 inferius
879 757 1152 805 complanatum.

406 827 459 861 28.
485 823 602 859 Facies
626 823 799 871 posterior
825 834 951 859 cavata.

303 896 453 942 29—-59⁴
482 892 568 927 Ossa
591 894 687 941 carpi
713 891 845 928 decem.

303 960 457 996 42-46,
484 958 569 994 Ossa
591 963 779 1010 metacarpi
803 963 970 1011 quinque.

303 1031 389 1075 49-
402 1030 458 1063 55.
479 1030 521 1063 U.
549 1029 752 1077 Digitorum
777 1031 979 1080 phalanges.

465 1097 519 1133 De
542 1099 670 1146 quibus
700 1099 825 1136 videsis
848 1100 1118 1150 explicationem
1142 1096 1186 1135 ad
1209 1099 1372 1135 dextrum
1397 1101 1494 1136 latus.

837 1270 1061 1327 Pelvis
1107 1285 1165 1325 et
1199 1275 1618 1346 posteriores
1665 1283 1863 1323 artas.

308 1444 354 1476 V.
372 1456 405 1476 α.
419 1455 501 1488 ηρ.
516 1455 548 1487 q.
563 1455 589 1475 ε.
605 1449 628 1475 t.
642 1455 674 1476 α.
690 1455 734 1476 w.
749 1456 782 1477 x.
796 1455 826 1477 z.
841 1457 895 1478 ae.
909 1457 960 1479 oe.
975 1444 1028 1478 cli.
1042 1456 1088 1478 sz.
1102 1451 1146 1477 tz.
1163 1456 1192 1478 1.
1205 1448 1271 1481 ν.ὁ.
1301 1442 1424 1478 Pelvis.

413 1523 447 1543 a.
476 1507 525 1543 Os
548 1510 648 1543 ilium
673 1520 793 1545 testam
815 1511 991 1546 dorsalem
1012 1524 1133 1546 versus
1156 1524 1357 1559 assurgens,
1384 1511 1448 1545 sub
1472 1510 1541 1546 boc
1569 1511 1636 1545 situ
1659 1510 1746 1546 adeo
1772 1511 2014 1546 abbreviatum
2036 1522 2073 1547 ut
2095 1512 2151 1548 vix
2175 1512 2378 1547 innotescat.

413 1592 534 1613 Jz—w.
563 1579 661 1620 Quae
684 1578 726 1612 ad
749 1579 850 1625 pubis
871 1592 945 1614 ossa
967 1581 1154 1629 pertinent.

474 1660 508 1682 n.
538 1646 670 1681 Ramus
693 1648 794 1695 pubis
817 1648 860 1683 ad
886 1649 1117 1684 acetabulum.

468 1733 510 1766 p.
539 1716 666 1764 Margo
690 1719 860 1753 acetabuli
884 1719 1048 1753 anterior.

477 1801 509 1834 q.
538 1786 722 1821 Processus
735 1787 837 1834 pubis
852 1788 1004 1823 anterior
1016 1788 1086 1823 sive
1099 1786 1349 1832 abdominalis,
1377 1787 1596 1837 cuspidatus,
1624 1789 1736 1837 prima
1752 1798 1860 1823 aetate
1873 1787 2118 1836 cartilagineus
2138 1788 2192 1835 (cf.
2208 1785 2295 1821 Tab.
2307 1785 2408 1820 XIV.

516 1857 576 1902 fig.
592 1856 648 1889 61.
661 1856 703 1902 r.)

475 1937 502 1957 s.
532 1924 716 1958 Processus
741 1925 890 1959 lateralis
913 1925 1031 1973 pubis,
1058 1925 1180 1961 leviter
1206 1936 1447 1974 exasperatus,
1485 1925 1677 1959 musculor.
1705 1926 1935 1959 attrahentis
1956 1935 1990 1959 et
2013 1926 2245 1960 retrahentis
2279 1923 2410 1971 pelvim

520 1991 642 2040 (Musc.
658 1994 713 2026 45.
738 2001 771 2026 et
793 1993 865 2039 44.)
892 1994 1099 2027 insertiones
1130 1995 1305 2041 excipiens
1327 2005 1430 2041 atque
1453 1996 1650 2041 ligamenti
1663 1995 1790 2038 pelvis
1813 1995 2005 2037 inferioris
2035 1995 2216 2040 tripertiti
2239 2006 2306 2040 ope
2329 1997 2414 2026 ster-

522 2074 568 2095 no
584 2060 786 2095 adhaerens.
816 2061 873 2108 (cf.
886 2060 1087 2096 Tab.XIV.
1116 2063 1245 2109 fig.62.
1261 2069 1294 2108 ξς
1316 2073 1349 2097 et
1373 2064 1573 2097 insertionis
1587 2062 1753 2096 tocumin
1766 2071 1884 2095 sterno
1910 2061 2054 2095 Tab.11.
2082 2064 2142 2108 fig.
2158 2063 2188 2096 5.
2213 2062 2262 2108 ὅ.)
2289 2060 2414 2096 Eidem

524 2130 701 2179 processui
716 2138 908 2163 retrorsum
922 2131 1052 2164 accedit
1067 2132 1314 2175 ligamentum
1325 2133 1438 2176 pubis
1449 2134 1716 2173 ischiadicmn,
1745 2129 1843 2177 quod
1857 2128 1935 2164 vide
1948 2130 2088 2164 sinistro
2101 2132 2210 2178 pelvis
2223 2132 2329 2166 latere
2344 2134 2414 2180 (ν)

480 2207 504 2234 t.
532 2199 659 2247 Margo
685 2197 858 2247 posterior
882 2199 998 2246 pubis,
1026 2199 1198 2242 sinuatus,
1226 2198 1269 2233 ad
1290 2200 1450 2234 foramen
1483 2199 1742 2234 obturatoriuui
1770 2199 1908 2233 faciens.

480 2284 513 2304 a.
542 2268 668 2315 Margo
695 2268 870 2313 internus5
898 2266 942 2302 ad
965 2267 1177 2317 Syniphysin
1200 2267 1296 2301 socio
1320 2276 1515 2301 concretus.

484 2353 528 2373 w.
556 2337 673 2372 Facies
698 2336 861 2380 inferior,
890 2347 1048 2371 sternum
1072 2350 1191 2372 versus
1213 2346 1390 2385 spectans,
1417 2337 1618 2371 musculum
1640 2339 1843 2383 tricipitem
1860 2337 2419 2382 adductoremfemorisincum-

522 2407 663 2441 bentem
688 2405 828 2440 habens.
859 2405 1072 2454 (Musc.97.)

421 2493 484 2513 :is-
496 2485 540 2512 ἴε.
568 2476 709 2510 Ossium
728 2475 830 2510 ischii
853 2486 977 2524 partes.

484 2561 516 2580 x.
546 2545 678 2580 Ramus
700 2543 800 2578 ischii
825 2543 867 2578 ad
890 2543 1120 2578 acetabulum.

482 2627 511 2647 Z.
539 2614 668 2661 Margo
696 2612 867 2647 acetabuli
892 2612 1110 2647 ischiadicus.

490 2697 546 2717 ae.
575 2680 783 2732 Symplsysis
806 2680 1011 2727 ist-hiudica,
1038 2682 1139 2731 pubis
1162 2679 1367 2730 symphysin
1391 2682 1608 2717 continuans.

490 2766 541 2786 oe.
572 2751 757 2786 Processus
781 2752 954 2799 posterior
977 2751 1103 2800 pelvis,
1129 2752 1199 2786 sive
1224 2752 1325 2786 tuber
1348 2751 1466 2797 isc-hii,
1492 2751 1588 2786 uude
1621 2750 1853 2798 ligamentum
1874 2748 1988 2799 Ppubis
2018 2749 2264 2797 ischiadicum,
2292 2754 2361 2803 (v.)
2392 2765 2424 2789 et

530 2821 681 2856 musculi
699 2821 1043 2856 semimembranosi
1065 2834 1154 2869 pars.
1182 2819 1419 2868 (Musc.105.)
1448 2829 1551 2868 atque
1572 2821 1770 2854 Pectineus
1796 2818 2009 2867 (Musc.98.)

491 2891 544 2925 elz.
572 2889 690 2924 Facies
714 2890 878 2934 inferior,
907 2901 1064 2926 sternum
1086 2904 1215 2926 versus.

488 2972 536 2993 sz.
566 2958 693 3007 Margo
712 2960 866 2994 sinuatus
889 2958 1059 3001 anterior,
1086 2958 1129 2992 ad
1151 2960 1311 2993 foramen
1329 2957 1600 2992 obturatorium.

491 3035 534 3063 tz.
563 3027 690 3076 Margo
713 3028 888 3076 posterior
909 3027 1138 3078 symphyseos
1156 3027 1382 3072 ischiadicae,
1411 3026 1455 3060 ad
1478 3030 1575 3073 cujus
1596 3024 1748 3060 mediam
1771 3026 1953 3074 regionem
1976 3027 2309 3072 ligamentipelvis
2333 3031 2429 3075 infe-

531 3098 644 3131 rioris
664 3099 742 3131 laxi
768 3094 837 3143 (ξ)
864 3095 965 3130 tertia
989 3109 1068 3142 pars
1095 3094 1245 3139 accedit,
1273 3093 1344 3129 duo
1368 3095 1463 3129 enim
1489 3093 1645 3141 ejusdem
1668 3093 1823 3129 fasciculi
1844 3096 2076 3143 processubus
2097 3095 2207 3143 pelvis
2227 3097 2427 3133 lateralibus

529 3165 706 3211 figuntur3
735 3163 827 3214 (vide
848 3178 952 3211 supra
975 3164 1021 3197 V.
1033 3176 1060 3197 S.
1084 3172 1117 3197 et
1139 3164 1222 3211 figg.
1242 3162 1289 3197 ibi
1312 3161 1514 3209 adductas).

494 3245 523 3266 1.
551 3231 725 3267 Foramen
749 3233 1027 3278 obturatorium3
1055 3232 1157 3280 pubis
1180 3231 1270 3266 inter
1293 3241 1326 3266 et
1350 3230 1450 3265 ischii
1473 3231 1648 3278 margines
1669 3232 1842 3277 sinuatos,
1870 3233 1907 3279 (t.
1922 3232 1983 3278 sz.)
2020 3233 2171 3268 maxima
2192 3244 2291 3282 parte
2314 3250 2426 3272 mem-

533 3301 653 3335 brana
671 3301 844 3345 clausum,
871 3315 913 3336 ex
934 3302 1044 3335 altero
1071 3301 1177 3335 latere
1200 3313 1282 3335 mox
1300 3298 1499 3334 indicanda.

493 3378 520 3398 v·
544 3368 793 3416 Ligamentum
816 3370 918 3417 pubis
938 3368 1164 3414 ischiadium3
1192 3369 1286 3404 unde
1309 3368 1476 3404 musculi:
1505 3369 1701 3403 Sartorius
1727 3368 1852 3417 (RIusc.
1871 3368 1963 3416 106.)
1985 3371 2163 3416 gracilis,
2190 3371 2316 3420 (Musc.
2333 3374 2427 3421 107.)

536 3445 568 3469 et
591 3439 934 3472 semimembranosc'
951 3451 1040 3485 pars.
1068 3436 1195 3484 (Musc.
1214 3439 1308 3482 105.)

497 3499 525 3532 ὁ·
552 3502 798 3550 Ligamentum
826 3505 1102 3551 obturatorium,
1129 3506 1257 3553 exiguo
1291 3504 1405 3552 hiatu,
1432 3519 1544 3554 prope
1566 3505 1668 3553 pubis
1701 3507 1915 3555 marginem,
1941 3521 2056 3544 nervo
2088 3510 2264 3555 vasisque
2294 3511 2426 3558 pervio,

539 3581 759 3609 exstructum.

1968 3763 2017 3804 δὴ
