2704 4150
827 904 1301 986 ‚Lectori
1356 901 1877 979 salutem!

310 1368 386 1443 IN
427 1392 530 1443 ovis
564 1389 882 1442 domesticae
928 1401 1184 1452 anatome,
1220 1385 1389 1460 plures
1431 1399 1572 1437 retro
1616 1403 1797 1450 annos,
1832 1383 2049 1436 multum
2079 1380 2228 1435 studii
2259 1395 2408 1453 atque

305 1493 491 1546 laboris
520 1492 784 1544 collocanti
809 1491 956 1553 mihi,
997 1512 1113 1543 cum
1134 1489 1392 1542 delineatis
1414 1486 1642 1539 iconibus
1671 1488 1772 1558 jam
1802 1485 1866 1537 ad
1895 1486 2325 1545 sexcentesimam,
2362 1495 2413 1533 et

307 1592 451 1668 quod
472 1595 725 1656 excurrit,
756 1595 987 1662 paginam
1007 1590 1275 1654 accedenS,
1296 1609 1422 1663 opus
1443 1586 1811 1640 elaborandum
1831 1602 2037 1638 centum
2058 1584 2246 1637 tabulas
2268 1582 2412 1634 facile

307 1707 663 1768 superaturum
692 1693 1024 1763 intelligerem
1036 1720 1049 1757 3
1106 1693 1256 1745 subiit
1288 1690 1494 1742 demum
1535 1688 1929 1754 animadversio,
1975 1702 2139 1739 tantae
2166 1684 2411 1737 molitioni

307 1793 644 1846 absolvendae
669 1808 841 1846 tenues
862 1797 1042 1868 privati
1066 1795 1283 1846 hominis
1305 1812 1384 1844 res
1406 1794 1619 1864 impares
1642 1791 1853 1841 futuras.

444 1896 462 1946 Ι
467 1898 604 1965 gitur
624 1898 968 1969 propositum,
991 1895 1149 1970 ⁴quod
1170 1893 1361 1946 tamdiu
1390 1895 1440 1944 in
1464 1894 1575 1942 sinu
1606 1892 1858 1954 foveram,
1894 1888 1972 1942 vel
2002 1890 2149 1964 plane
2173 1889 2413 1961 abjicien-

307 1995 457 2058 dum,
494 2010 644 2068 atque
667 1996 794 2047 adeo
815 2016 841 2046 a
862 2016 939 2047 me
961 1999 1068 2069 ipso
1100 1993 1506 2055 desciscendum,
1543 1991 1645 2055 vel,
1682 1991 1807 2063 quid
1837 1993 1889 2042 in
1911 1989 2216 2064 compendio
2236 2008 2413 2040 rerum

308 2093 822 2147 demonstrandarmn
854 2095 985 2145 forte
1016 2094 1328 2166 reperiundo
1350 2109 1398 2143 et
1427 2096 1478 2142 in
1506 2093 1757 2141 bonarum
1786 2093 1973 2141 artium
2003 2089 2310 2153 fautoribus,
2347 2086 2411 2139 ad

309 2196 592 2247 institutum
630 2207 860 2244 nostrum
897 2192 1294 2267 perficiendum,
1331 2194 1433 2265 spei
1465 2190 1719 2263 reliquum
1751 2206 1898 2255 esset,
1935 2189 2310 2265 explorandum
2338 2192 2412 2242 vi-

310 2294 541 2346 debatur.

446 2395 630 2446 Arrisit
653 2395 881 2469 periculo
914 2395 997 2447 tali
1028 2394 1262 2448 faciendo
1294 2409 1444 2468 atque
1475 2413 1540 2445 ex
1568 2414 1661 2444 usu
1692 2391 1973 2445 ediscendis
2015 2394 2134 2458 illis,
2170 2413 2299 2466 quae
2331 2392 2410 2442 la·-

308 2498 446 2549 banti
469 2512 643 2547 nostro
671 2499 905 2570 incoepto
927 2517 1227 2550 succurrere
1250 2510 1473 2563 possent,
1508 2496 1718 2545 minoris
1749 2509 2012 2567 apparatus
2041 2509 2412 2565 argumentum.

310 2597 511 2650 Scilicet
532 2597 901 2662 existimabam,
938 2601 1311 2671 tempestivum,
1346 2599 1400 2648 in
1419 2597 1622 2666 ancipiti
1644 2615 1727 2660 re,
1763 2595 2029 2648 consilium
2058 2598 2110 2646 in
2137 2615 2289 2656 arena
2310 2615 2412 2647 esse

313 2697 630 2767 capiendum.

452 2799 516 2848 Et
556 2800 794 2871 quoniam
832 2796 1030 2851 dudum
1078 2819 1437 2873 perspexeram
1489 2801 1664 2872 quanti
1694 2796 1934 2865 ponderis
1981 2800 2248 2851 zootomici
2289 2813 2414 2851 esset

309 2898 701 2972 Amphibiorum
731 2902 962 2951 universa
990 2915 1269 2966 structura,
1306 2921 1371 2953 ex
1392 2901 1488 2953 hoc
1509 2899 1797 2952 animalium
1817 2920 2029 2971 genere,
2077 2900 2411 2951 Testudinem

311 3019 636 3070 eta-opaeum
655 3003 836 3052 nostris
858 3000 1313 3074 disquisitionibus,
1347 3021 1470 3077 prae
1490 3004 1693 3065 ceteriS,
1726 3000 2007 3072 eligendam
2028 3003 2198 3075 putavi
2211 3026 2224 3063 3
2262 3014 2411 3073 utpo-

313 3116 362 3152 te
392 3099 690 3175 parabilem,
735 3120 832 3175 pro
864 3121 921 3153 re
952 3117 1090 3166 nata,
1128 3122 1185 3154 ea
1206 3106 1374 3177 copia,
1411 3120 1539 3176 quae
1568 3102 1884 3154 abstrusioris
1915 3101 2160 3172 indaginis
2189 3103 2411 3174 partium

309 3205 539 3256 iteratam
570 3201 974 3275 explorationem
1002 3201 1304 3255 admitteret.

449 3302 627 3375 Neque
656 3305 791 3355 enim
811 3323 894 3355 eos
926 3304 1190 3355 imitandos
1214 3308 1405 3368 censui,
1442 3308 1528 3379 qui
1551 3307 1799 3358 rarissima
1820 3304 2093 3378 quaelibet,
2129 3302 2232 3367 vel,
2263 3304 2408 3353 incu-

313 3405 430 3455 riosi
454 3423 684 3463 suorum,
722 3403 823 3454 sola
850 3408 1119 3477 peregrina
1150 3409 1496 3478 exquirentes,
1531 3426 1736 3459 omnem
1767 3425 1928 3469 suam,
1964 3406 2282 3477 quantumvis
2311 3405 2408 3453 mi-

310 3501 546 3563 rabilem,
581 3504 834 3556 solertiam
871 3508 925 3557 in
966 3505 1097 3557 hisce
1127 3504 1473 3558 describendis
1515 3522 1711 3571 terunt,
1747 3521 1920 3579 atque,
1956 3503 2081 3556 dum
2109 3506 2327 3578 speciosa
2356 3516 2407 3555 et

310 3603 545 3656 novitatis
565 3603 710 3675 plena
732 3605 943 3669 docent,
980 3604 1068 3656 sed
1097 3626 1226 3678 quae
1246 3627 1478 3675 suspensa
1508 3621 1703 3658 tantum
1731 3627 1883 3658 manu
1913 3607 2126 3674 attigisse
2146 3604 2288 3668 licet,
2323 3603 2402 3653 fu-

311 3705 420 3774 gaci
442 3705 594 3775 magis
615 3702 879 3773 gloriolae,
915 3725 1067 3779 quam
1090 3705 1352 3758 doctrinae
1374 3708 1691 3758 firmamento
1713 3707 2043 3780 prospiciunt.

1970 3777 1989 3795 ᾖ
