2704 4150
1392 295 1433 339 V

378 430 551 500 accipe
575 445 736 490 nunc,
766 423 922 497 qualis
943 426 995 474 in
1017 441 1172 496 opere
1192 418 1484 485 tractando,
1514 419 1706 492 tibique
1728 420 2004 487 tradendo,
2023 418 2204 475 modus
2225 417 2471 474 tenendus

376 528 657 580 videbatur.

510 632 693 700 Igitur,
724 645 851 698 quae
881 623 1206 689 sectionibus,
1237 624 1535 695 frequenter
1557 636 1606 675 et
1636 622 1714 675 vel
1741 625 1955 676 maxime
1985 638 2174 677 attento
2196 626 2362 680 animo
2393 624 2472 672 in-

376 732 578 792 stitutis,
618 747 645 779 e
674 724 936 778 testudinis
970 743 1249 795 europaeae
1280 724 1472 776 fabrica
1502 724 1623 775 mihi
1657 738 1800 776 erant
1830 740 2117 798 perspecta,
2158 745 2215 776 ea
2251 744 2375 776 mox
2406 722 2470 774 ad

376 844 608 882 naturam
638 830 848 900 ipsemet
877 824 1123 878 delineavi
1154 825 1231 878 vel
1262 823 1486 900 depinxi.
1558 827 1732 898 anue
1763 825 1829 881 ad
1849 827 2175 900 archetypos,
2204 827 2295 878 sub
2316 824 2472 878 oculis

375 931 557 981 nostris
588 931 690 980 aeri
720 930 871 979 incisa
910 942 1050 991 sunt,
1088 925 1191 990 vel,
1232 943 1359 998 quae
1389 941 1600 990 restant,
1632 927 1948 991 incidentur3
1979 943 2226 1000 quantum
2249 929 2360 978 fieri
2382 946 2474 995 po-

378 1044 472 1082 test
502 1028 742 1082 adcurate
764 1050 820 1082 ac
842 1027 1024 1092 nitide,
1053 1026 1239 1100 absque
1271 1030 1409 1079 omni
1440 1042 1606 1078 tamen
1629 1030 1886 1100 peregrini
1911 1027 2191 1101 splendoris
2211 1042 2469 1103 apparatu.

517 1131 574 1180 In
606 1150 703 1204 qua
745 1151 801 1182 re
839 1128 1177 1202 perficienda,
1227 1127 1281 1179 id
1322 1148 1473 1180 curae
1514 1130 1826 1201 potissimum
1867 1128 2042 1193 habui,
2081 1143 2160 1193 ut,
2210 1129 2472 1197 superfluis

381 1231 686 1305 quibuslibet
726 1230 906 1305 procul
936 1231 1136 1295 habitis,
1175 1229 1479 1303 compendio
1522 1233 1726 1281 iconum
1758 1228 2043 1294 studerem,
2081 1231 2148 1281 ita
2180 1245 2372 1293 tamen,
2410 1250 2473 1281 ne

380 1331 572 1406 aliquid
612 1331 677 1383 ad
715 1352 1001 1403 congruum
1032 1332 1299 1396 decorem,
1348 1331 1426 1384 vel
1458 1331 1522 1387 ad
1550 1331 1750 1405 plenam
1791 1351 1968 1383 rerum
2002 1334 2342 1402 cognitionem
2378 1351 2473 1383 ne-

382 1436 605 1497 cessarii,
639 1432 1034 1485 desideraretur.

515 1533 738 1608 Ideoque
769 1532 980 1587 lineares
1010 1538 1189 1608 passim
1218 1536 1404 1605 figuras
1434 1533 1677 1586 umbratis
1707 1537 2010 1605 interposui3
2052 1554 2179 1606 quae
2217 1534 2348 1605 justo
2378 1536 2476 1584 mi-

380 1637 583 1687 nutiora
620 1650 787 1701 erant,
829 1656 885 1688 ea
915 1639 1249 1710 proportione
1279 1651 1420 1690 aucta
1452 1637 1652 1688 exhibui
1675 1652 1747 1702 et,
1788 1656 1853 1687 ne
1883 1635 2125 1705 siglorum
2155 1633 2288 1685 mole
2327 1633 2476 1685 obfu-

383 1752 647 1789 scarentur
688 1737 902 1808 singula,
934 1741 1156 1812 repetitis
1187 1737 1365 1789 iisdem
1395 1740 1593 1808 figuris,
1635 1738 1815 1811 quibus
1847 1752 2083 1788 notarum
2115 1756 2230 1809 pars
2261 1735 2476 1787 adscribi

382 1852 605 1913 poterat,
644 1840 802 1890 effeci.
875 1839 1074 1903 Quodsi
1114 1843 1166 1891 in
1196 1841 1288 1892 hac
1318 1860 1375 1892 re
1405 1839 1572 1913 paullo
1604 1839 1793 1908 largior
1823 1839 1952 1910 justo
1995 1838 2084 1888 tibi
2115 1836 2344 1900 viderer,
2383 1837 2477 1888 hoc

382 1939 500 1991 ideo
531 1940 719 1991 facturn
750 1960 852 1992 esse
890 1957 1035 2014 puta,
1076 1956 1131 1993 ut
1170 1945 1221 1993 in
1253 1944 1625 1995 commentariis
1655 1939 1973 2011 adjiciendis,
1999 1941 2118 1990 ‚sine
2157 1937 2476 2003 obscuritate,

383 2041 547 2090 minus
579 2042 817 2091 verbosus
849 2060 949 2090 esse
978 2060 1189 2112 possem.

519 2139 632 2190 Jam
663 2160 784 2191 vero
816 2143 988 2205 etiam,
1029 2156 1272 2213 quantum
1306 2142 1468 2208 licuit,
1499 2140 1777 2193 indicandis
1809 2140 2035 2215 partibus
2066 2139 2264 2205 iisdem,
2302 2137 2478 2191 eadem

387 2238 506 2310 sigla
536 2238 725 2313 ubique
756 2239 925 2292 addixi
958 2256 1107 2315 atque
1139 2241 1375 2294 sollicitus
1407 2244 1503 2308 fui,
1543 2257 1598 2295 ut
1628 2244 1821 2316 figurae
1861 2258 1973 2315 apte
2013 2261 2063 2293 se
2094 2244 2384 2312 exciperent
2415 2256 2479 2305 et,

386 2360 479 2415 per
511 2344 801 2394 universum
839 2361 964 2416 opus
1005 2346 1260 2395 communi
1303 2345 1469 2418 aliquo
1517 2342 1722 2397 vinculo
1761 2344 2111 2408 cohaerentes,
2160 2357 2338 2393 mutuo
2378 2362 2479 2393 sese

385 2442 710 2496 illustrarent.

523 2543 629 2607 Qui
651 2561 828 2594 rerum
848 2557 1155 2608 concentus,
1187 2564 1289 2616 quo
1321 2545 1487 2597 minus
1517 2542 1798 2608 dividatur,
1830 2539 2046 2594 aliorum
2076 2556 2343 2594 auctorum
2366 2545 2479 2594 ico-

389 2662 478 2695 nes
509 2662 606 2695 nec
637 2646 904 2716 exscripsi,
937 2664 1130 2719 neque,
1162 2660 1217 2697 ut
1237 2649 1458 2715 ingenue
1481 2647 1661 2711 fatear,
1692 2664 1865 2698 earum
1888 2647 2085 2707 inveni,
2118 2663 2246 2716 quae
2266 2643 2480 2696 idoneae

388 2744 468 2797 vel
499 2742 679 2813 dignae
709 2748 840 2798 visae
873 2762 1063 2810 essent,
1103 2761 1159 2799 ut
1190 2748 1336 2800 nobis
1366 2747 1772 2801 admitterentur.

525 2847 744 2899 Cunctas
776 2849 929 2917 igitur
962 2848 1165 2902 habebis
1214 2863 1438 2918 nostras,
1487 2854 1817 2923 omniumque
1851 2851 2085 2922 corporis
2126 2857 2477 2919 systematum3

389 2950 550 3002 tribus
572 2962 736 3000 tamen
750 2952 1037 3023 fasciculis
1056 2950 1373 3019 distributas,
1404 2972 1627 3024 quorum
1643 2953 1850 3026 primns
1882 2971 1911 3002 o
1927 2969 2018 3002 ssa
2049 2969 2166 3001 cum
2188 2950 2475 3022 potioribus

387 3049 767 3119 ligamentis3
823 3055 1080 3106 secundus
1119 3071 1243 3103 vero
1296 3053 1645 3116 musculos,
1697 3071 1933 3104 nervos
1984 3066 2034 3102 et
2076 3069 2239 3114 vasa,
2294 3053 2477 3104 tertius

389 3148 591 3203 demum
633 3153 877 3204 viscera
917 3150 1304 3226 complectetur.

525 3253 667 3318 Qua,
697 3272 791 3327 per
813 3253 1100 3318 fasciculos,
1130 3250 1377 3308 divisione
1399 3269 1449 3306 et
1479 3254 1687 3328 publico
1710 3251 1982 3308 commodo
2015 3265 2062 3304 et
2095 3252 2261 3325 operis
2293 3270 2477 3306 corre-

392 3353 547 3404 ctioni
578 3369 728 3427 atque
759 3355 1033 3424 elegantiae
1056 3375 1160 3407 non
1185 3376 1365 3428 parum
1387 3357 1729 3419 consuluisse,
1759 3355 1993 3427 illudque
2023 3373 2137 3406 cnm
2160 3355 2334 3426 primis
2354 3353 2475 3405 mihi

392 3450 571 3504 videor
611 3457 928 3527 impetrasse,
969 3475 1034 3506 ne
1075 3457 1383 3520 tabularum,
1432 3458 1580 3529 prelo
1621 3454 2104 3517 submitteridarum,
2146 3457 2288 3527 copia
2329 3455 2475 3506 simul

391 3555 629 3615 affluesss9
669 3559 930 3623 operarios
975 3559 1120 3608 nimis
1162 3561 1544 3630 praecipitaret,
1584 3558 1833 3630 mihique,
1872 3558 1975 3610 aliis
2016 3558 2231 3626 negotiis
2263 3556 2476 3627 publicis

392 3655 662 3727 implicito,
692 3656 983 3726 invigilandi
1017 3658 1332 3710 occasionem
1362 3661 1695 3730 praeriperet.

2009 3727 2066 3750 ἢ*
