2689 4145
236 300 282 328 12
830 290 1177 319 EmecA'rro
1215 288 1333 317 TAB.
1354 289 1412 316 v1.
1455 272 1754 314 FIG.12.13.

230 395 289 429 AE.
308 391 463 435 54-57,
479 381 535 422 58.
564 385 782 421 Metatarsus.

338 464 394 496 54.
423 458 474 493 Os
498 455 670 492 metatarsi
694 453 864 490 Hallucis.

337 532 394 575 57.
423 527 472 561 Os
492 523 667 561 metatarsi
688 523 788 571 digiti
809 522 935 571 quarti.

438 596 634 642 (Interjecta
657 591 801 627 secundi
823 601 855 626 et
878 592 970 628 tertii
994 591 1096 640 digiti
1121 605 1197 628 ossa
1219 590 1413 634 metatarsi,
1442 591 1498 624 55.
1514 594 1547 624 et
1574 589 1630 624 56.
1649 587 1820 634 notanda,
1847 588 1934 636 sigla
1954 600 2026 623 non
2053 588 2206 637 gerunt.)

339 668 394 700 58.
423 662 473 697 05
500 661 676 698 metatarsi
699 661 946 708 imperfectum
968 660 1068 710 digiti
1092 661 1224 711 quinti,
1250 661 1314 695 sub
1338 669 1415 695 cute
1438 658 1587 694 latentis

229 737 316 774 AV.
331 733 489 768 61-66,
520 731 738 778 Phalangum
767 744 854 765 ossa.

338 805 396 838 61.
410 804 467 836 62.
497 801 655 836 Hallucis
676 798 748 834 duo
767 799 986 848 plialangum
1009 811 1094 831 ossa.

339 874 398 908 65,
430 869 615 916 Phalangis
640 868 881 902 rudimentum
905 867 1006 915 digiti
1029 865 1161 914 quinti,
1187 865 1390 900 abbreviati.

338 944 395 977 64.
411 942 467 974 65.
481 939 538 972 66.
569 937 678 985 Digiti
700 935 796 984 pedis
819 936 925 971 medii
950 949 1026 970 ossa
1051 934 1284 982 phalangum,
1312 935 1485 983 primum,
1512 934 1708 971 secundum
1732 944 1765 969 et
1786 933 1938 969 tertium,

394 1006 550 1044 Secundi
574 1015 608 1042 et
626 1006 742 1054 quarti
766 1004 869 1053 digiti
890 1014 989 1039 terna
1011 1002 1232 1052 phalangum
1254 1016 1330 1038 ossa
1353 1002 1450 1051 siglis
1472 1017 1544 1039 non
1566 1004 1725 1053 indigere
1746 1003 1964 1040 videbantur.

991 1198 1379 1231 FIGURA
1459 1181 1534 1231 15.

347 1355 480 1390 Testae
511 1353 673 1388 dorsalis
695 1354 925 1397 segmentum
936 1375 947 1391 ,
976 1350 1175 1385 dimidium
1198 1351 1375 1385 exhibens
1397 1353 1571 1386 dextrum
1594 1352 1642 1386 ab
1676 1354 1824 1386 interno
1856 1353 1994 1399 latere,
2035 1354 2111 1386 sita
2135 1351 2268 1398 aclfig.
2288 1365 2341 1387 12.

233 1426 492 1470 respondente.
1680 1410 1689 1418 .

336 1492 458 1525 Seclio
479 1503 554 1537 per
575 1491 851 1535 longitudinem
873 1495 992 1523 testae
1015 1490 1070 1522 ita
1093 1489 1269 1523 instituta
1291 1496 1365 1531 est,
1406 1495 1447 1524 ut
1470 1491 1620 1524 rizecliae
1641 1491 1808 1524 laminae
1832 1492 2001 1525 (lor-sales
2022 1497 2058 1524 et
2081 1490 2342 1525 vertebrarum

234 1574 395 1608 corpora
418 1561 472 1593 acl
492 1565 659 1592 centrum
685 1560 760 1593 sint
784 1561 926 1603 divisa,
954 1559 1112 1603 ideoque
1133 1557 1332 1593 universus
1357 1547 1502 1593 canalis·
1526 1561 1748 1594 medullaris
1770 1560 2027 1594 vertebras-mn
2052 1561 2155 1594 dorsi
2171 1564 2317 1605 pateat.

232 1629 306 1664 1.-
318 1628 364 1662 X.
391 1626 560 1661 Laminae
582 1625 748 1661 dei-sales*
761 1626 897 1663 mediae
925 1628 1121 1676 (processus
1144 1625 1277 1675 spinosi
1298 1628 1490 1664 vertehrar.
1514 1628 1626 1678 dorsi)
1653 1644 1716 1679 per
1743 1639 1905 1665 centrum
1928 1638 2050 1664 sectae.

232 1697 338 1734 XL—
350 1694 490 1731 XXIII.
517 1694 603 1729 Ossa
627 1695 844 1743 marginalia.

338 1765 402 1800 XI.
432 1764 482 1798 Os
502 1763 697 1811 marginale
719 1763 876 1798 medium
901 1765 1071 1809 anterius,
1102 1774 1225 1800 centro
1247 1779 1311 1802 suo
1335 1767 1490 1805 scissum.

336 1833 476 1870 XXIII.
504 1833 553 1868 Os
572 1832 764 1880 marginale
784 1832 940 1868 medium
966 1835 1156 1882 posterius,
1185 1835 1290 1869 simili
1311 1837 1421 1872 modo
1442 1838 1641 1874 dissectum.

337 1902 590 1938 §HL—XXII.
625 1901 799 1937 Undecim
823 1916 898 1936 ossa
920 1904 1126 1951 marginalia
1150 1903 1264 1938 dextri
1290 1905 1424 1951 lateris,
1451 1908 1599 1955 integra.

338 1960 704 2008 XXXVI.——-XL[II.
732 1970 857 2004 Costae
880 1969 994 2005 dextri
1016 1972 1151 2017 lateris,
1179 1973 1331 2008 'secunda
1358 1974 1402 2009 ad
1429 1989 1570 2009 nonam.

400 2038 518 2075 Prima
542 2047 576 2071 et
599 2036 734 2071 decima
758 2047 870 2081 costa,
896 2048 1019 2085 utpote
1041 2039 1188 2086 exiguae
1210 2049 1243 2073 et
1265 2054 1439 2089 appensae
1464 2040 1637 2078 secundae
1661 2054 1700 2076 ac
1721 2055 1852 2088 nonae,
1879 2051 1976 2078 retro
2001 2042 2244 2077 vertebrarum
2270 2052 2347 2073 cor-

343 2122 432 2159 pora
466 2106 685 2141 delitescunt.
713 2107 770 2154 (cf.
796 2105 937 2140 Ta-b.1I.
965 2109 1024 2154 fig.
1041 2109 1093 2140 5⁶.
1122 2095 1282 2141 XXXV.
1306 2118 1340 2143 et
1361 2110 1511 2159 XLIV.)

342 2198 481 2218 ama...
505 2176 675 2221 Summe,
703 2176 793 2211 inter
816 2184 922 2210 testae
947 2187 1022 2209 ossa
1044 2172 1310 2211 intercedentes.

341 2256 416 2298 ββ.
432 2278 459 2285 ..
474 2277 481 2285 .
506 2246 662 2294 Vestigia
685 2243 975 2293 impressionum,
1003 2244 1048 2279 ad
1068 2245 1274 2280 coeuntium
1297 2245 1530 2283 scut'ellorum
1551 2253 1767 2284 corneorum
1786 2249 1918 2285 locum.

341 2336 371 2366 γ,
406 2315 527 2350 Tuber
571 2315 775 2360 articulare,
825 2330 844 2351 a
878 2329 970 2350 nona
1016 2324 1109 2349 costa
1155 2313 1330 2359 eminen83
1371 2316 1480 2362 pelvi,
1519 2330 1581 2364 per
1607 2318 1796 2352 articulum
1830 2316 2075 2367 excipiendae,
2101 2314 2267 2351 dicatum.

404 2386 460 2433 (cf.
476 2384 618 2419 Tab.II.
646 2386 773 2433 fig.5⁰.
789 2404 818 2433 y.
844 2395 894 2428 et,
928 2382 1022 2432 apud
1045 2381 1193 2431 pelvim,
1221 2381 1309 2416 Tah.
1324 2383 1425 2419 XIV.
1454 2386 1584 2434 fig.64.
1604 2387 1664 2433 μ’.)

345 2464 399 2502 &C
431 2453 548 2488 Cardo
571 2454 701 2488 semina
722 2454 835 2488 dextri
861 2453 995 2493 lateris,
1025 2452 1160 2487 ossibus
1174 2451 1428 2499 marginalibus
1453 2463 1605 2500 quatuor
1630 2446 1906 2492 XV.—XVIIs.
1921 2456 2099 2503 impressa.
2128 2453 2188 2488 Ad
2201 2467 2242 2488 os
2255 2467 2348 2488 mar-

406 2523 522 2572 ginale
547 2522 647 2557 XIV.
672 2524 729 2558 vix
753 2523 1013 2571 aliquantulum
1035 2521 1094 2556 hic
1115 2534 1326 2564 exctlrrenS,
1359 2521 1459 2569 quod
1482 2522 1517 2557 in
1543 2523 1619 2558 aliis
1643 2526 1755 2572 magis
1774 2525 1998 2573 aggreditur3
2026 2523 2135 2558 variat
2156 2523 2251 2557 enim
2272 2523 2350 2557 lon-

407 2591 532 2640 gitudo
554 2592 685 2625 ossium
714 2591 975 2638 marginalium.

347 2669 494 2700 θ,θ,,,,
518 2659 704 2694 Costartun
729 2670 905 2695 extremae
930 2658 1110 2709 cuspides,
1137 2660 1394 2708 marginalibus
1417 2660 1552 2695 ossibus
1577 2672 1740 2710 exceptae
1768 2663 1825 2710 (cs.
1845 2662 1932 2699 Tab.
1946 2662 2010 2698 IV.
2036 2663 2097 2710 fig.
2111 2676 2142 2708 9.
2157 2668 2197 2698 θ.
2212 2663 2267 2709 θ.)

351 2733 484 2777 9-18,
500 2732 553 2765 56.
570 2732 626 2765 65.
641 2731 697 2764 64.
711 2731 768 2763 65.
796 2730 976 2763 ·10-·18.
1004 2742 1037 2762 (ι.
1053 2743 1081 2762 e.
1095 2745 1141 2765 m.
1155 2744 1188 2765 η.
1218 2729 1474 2766 Vertebrarum
1494 2729 1687 2765 dorsalium
1704 2742 1828 2779 partes.

412 2800 546 2845 9—18.
577 2799 708 2833 Decem
730 2798 973 2832 vertebrarum
996 2810 1165 2845 corpora,
1193 2797 1311 2832 medio
1331 2809 1433 2834 secta.

416 2868 472 2902 56.
501 2868 616 2902 Arcus
637 2868 816 2902 vertebrae
838 2866 934 2902 dorsi
957 2868 1108 2915 primae,
1144 2867 1288 2915 corpori
1321 2867 1425 2915 hujus
1456 2869 1636 2904 vertebrae
1665 2879 1804 2904 suturae
1826 2881 1894 2917 ope
1918 2868 2126 2915 cohaerens,
2153 2884 2218 2905 uec
2246 2872 2352 2919 ipsius

456 2937 636 2984 processui
660 2937 804 2984 spinoso
834 2934 887 2983 (I.)
914 2937 1116 2970 etiamnunc
1137 2946 1332 2972 concretus.
1476 2931 1477 2935 Ἰ

562 3005 662 3047 Quae
687 3005 867 3040 concretio
893 3019 1039 3040 arcuum
1060 3019 1139 3040 eum
1165 3006 1385 3054 processibus
1404 3005 1553 3054 spinosis
1574 3003 1657 3041 iude
1680 3006 1869 3041 avertebra
1894 3004 1989 3040 dorsi
2012 3006 2163 3042 secunda
2186 3008 2229 3042 ad
2252 3010 2355 3057 septi-

458 3088 552 3109 mam
576 3087 687 3122 usque
713 3075 865 3122 perfecta
887 3084 955 3119 est,
983 3084 1020 3109 ut
1048 3075 1083 3109 in
1108 3075 1202 3110 hisce
1226 3075 1365 3109 nullum
1387 3074 1538 3122 amplius
1560 3075 1747 3123 vestigium
1765 3086 1922 3121 suturae,
1946 3088 2068 3109 arcum
2087 3075 2177 3111 inter
2201 3088 2234 3111 et
2257 3078 2356 3112 lami-

458 3156 521 3176 nas
540 3141 713 3186 dorsales,
740 3155 952 3192 compareat.

418 3212 475 3247 65.
490 3212 546 3246 64.
563 3212 621 3246 65.
650 3211 818 3258 Octavae,
846 3227 961 3249 nonae
981 3224 1014 3249 et
1034 3213 1190 3249 decimae
1213 3214 1393 3248 vertebrae
1414 3212 1511 3248 dorsi
1525 3226 1643 3257 arcus,
1670 3213 1815 3259 sejuncti
1830 3212 1946 3247 adhuc
1970 3211 2136 3246 aluminis
2149 3212 2356 3251 dorsalibus.

421 3283 599 3316 ·10—·18.
638 3280 826 3315 Foramina
850 3281 1152 3317 inter-vertebralia
1177 3295 1379 3317 nervorum
1408 3285 1633 3329 clorsalimn,
1654 3286 1825 3330 primum
1850 3282 1894 3317 ad
1916 3295 2054 3316 nonum
2076 3294 2187 3328 usque
2207 3283 2358 3319 educen-

462 3348 519 3381 tia.
549 3349 657 3390 Quod
680 3353 862 3385 decimam
889 3365 1045 3386 nervum
1073 3353 1261 3385 slot-salem
1284 3351 1410 3385 emittit
1432 3352 1612 3397 foramen,
1640 3363 1735 3387 retro
1761 3351 1916 3387 decimae
1950 3350 2128 3383 vertebrae
2152 3350 2247 3386 dorsi
2281 3366 2359 3387 cor-

465 3430 531 3464 pus
554 3418 595 3451 als
618 3418 803 3454 accedente
828 3421 987 3455 vertebra
1013 3420 1135 3454 saei-ali
1159 3420 1272 3468 prima
1295 3418 1440 3454 demum
1463 3422 1662 3470 completur
1690 3422 1745 3469 (cf.
1760 3423 1818 3468 fig.
1837 3433 1889 3454 12.
1918 3420 1994 3467 sigl.
2009 3422 2091 3467 ·19.)

425 3498 458 3519 a.
486 3484 602 3520 Fovea
627 3487 821 3523 articularis
842 3489 987 3538 corpori
1010 3490 1142 3538 primae
1168 3490 1349 3525 vertebrae
1373 3488 1471 3524 dorsi
1493 3490 1676 3538 impressa,
1717 3488 1762 3525 ad
1785 3487 2032 3536 excipiendum
2056 3488 2251 3538 capitulum
2277 3486 2359 3520 ulti-

467 3566 545 3587 mae
569 3553 652 3587 colli
673 3557 864 3591 vertebrae.

429 3635 458 3655 e.
486 3620 672 3656 Processus
698 3624 862 3672 obliquus
884 3627 1064 3663 vertebrae
1089 3626 1186 3662 dorsi
1209 3627 1361 3676 primae,
1397 3628 1573 3677 excipiens
1593 3641 1797 3677 processum
1820 3626 2006 3674 obliquum
2029 3625 2262 3676 posteriorem
2285 3636 2361 3658 ver-

469 3690 586 3725 tebrae
610 3691 694 3727 colli
717 3692 878 3738 ultimae,
907 3694 971 3730 sibi
994 3695 1209 3744 impositum.
